@Incollection{Glauber:1959xx,
     author    = "Glauber, R. J.",
     title     = "{High-Energy Collision Theory}",
     editor    = "Brittin, W. E. and Dunham, L. G.",
     booktitle = "{Lectures in Theoretical Physics}",
     publisher = "Interscience, New York",
     volume    = "I",
     year      = "1959",
     pages     = "315 - 414",
}
